<?xml version="1.0" encoding="UTF-8"?><collection xmlns="http://www.loc.gov/MARC21/slim"><record><leader>00395nam--2200145-i-4500</leader><controlfield tag="001">000012426</controlfield><controlfield tag="002">20161230</controlfield><controlfield tag="005">20170222170802</controlfield><controlfield tag="008">060222s1000------------r-----000-0-eng-d</controlfield><datafield ind1=" " ind2=" " tag="245"><subfield code="a">Quadrupole mass spectrometry and its applications</subfield></datafield><datafield ind1=" " ind2=" " tag="260"><subfield code="a">Amsterdam</subfield><subfield code="b">Elsevier Sci.Publ.Co</subfield><subfield code="c">1976</subfield></datafield><datafield ind1=" " ind2=" " tag="300"><subfield code="a">349 p</subfield></datafield><datafield ind1=" " ind2=" " tag="700"><subfield code="a">Dawson, Peter H</subfield></datafield><datafield ind1=" " ind2=" " tag="852"><subfield code="a">535.853:621.384.8</subfield></datafield><datafield ind1=" " ind2=" " tag="CAT"><subfield code="a">SYS</subfield><subfield code="c">20170222</subfield><subfield code="h">170802</subfield></datafield></record></collection>